<record><leader>00000cas a22000007a 4500</leader><controlfield tag="001">25197408</controlfield><controlfield tag="008">920131d19651968ctuwr ne      0    0eng d</controlfield><datafield ind1=" " ind2=" " tag="010"><subfield code="a">sn 92051146 </subfield></datafield><datafield ind1=" " ind2=" " tag="040"><subfield code="a">CNW</subfield><subfield code="b">eng</subfield><subfield code="c">CNW</subfield><subfield code="d">OCLCQ</subfield></datafield><datafield ind1=" " ind2=" " tag="042"><subfield code="a">msc</subfield></datafield><datafield ind1="0" ind2=" " tag="130"><subfield code="a">Inquirer (South Windsor, Conn.)</subfield></datafield><datafield ind1="1" ind2="4" tag="245"><subfield code="a">The inquirer.</subfield></datafield><datafield ind1=" " ind2=" " tag="260"><subfield code="a">South Windsor, Conn. :</subfield><subfield code="b">Connecticut Valley Pub.</subfield></datafield><datafield ind1=" " ind2=" " tag="300"><subfield code="a">v.</subfield></datafield><datafield ind1=" " ind2=" " tag="310"><subfield code="a">Weekly</subfield></datafield><datafield ind1="0" ind2=" " tag="362"><subfield code="a">Vol. 1, no. 1 (Jan. 28, 1965)-v. 4, no. 30 (Aug. 15, 1968).</subfield></datafield><datafield ind1=" " ind2=" " tag="500"><subfield code="a">Published in West Hartford, Conn., Apr. 1, 1965-1968.</subfield></datafield><datafield ind1=" " ind2="4" tag="651"><subfield code="a">South Windsor (Conn.)</subfield><subfield code="v">Newspapers.</subfield></datafield><datafield ind1=" " ind2="4" tag="651"><subfield code="a">East Windsor (Conn.)</subfield><subfield code="v">Newspapers.</subfield></datafield><datafield ind1=" " ind2="4" tag="651"><subfield code="a">West Hartford (Conn.)</subfield><subfield code="v">Newspapers.</subfield></datafield><datafield ind1=" " ind2=" " tag="752"><subfield code="a">United States</subfield><subfield code="b">Connecticut</subfield><subfield code="c">Hartford</subfield><subfield code="d">West Hartford.</subfield></datafield><datafield ind1="0" ind2="5" tag="780"><subfield code="t">East Windsor enterprise</subfield><subfield code="g">May 1965</subfield><subfield code="w">(DLC)sn 92051148</subfield><subfield code="w">(OCoLC)25197288</subfield></datafield><datafield ind1="0" ind2="7" tag="785"><subfield code="t">Rockville journal</subfield><subfield code="w">(DLC)sn 92051147</subfield><subfield code="w">(OCoLC)25197244</subfield></datafield><datafield ind1="0" ind2="7" tag="785"><subfield code="t">Journal inquirer</subfield><subfield code="w">(DLC)sn 92051145</subfield><subfield code="w">(OCoLC)8495676</subfield></datafield><datafield ind1="1" ind2=" " tag="029"><subfield code="a">AU@</subfield><subfield code="b">000025898868</subfield></datafield></record>